@inproceedings{embedded-cc-sac-oops-2010,
 author = {F\"{a}hndrich, Manuel and Barnett, Michael and Logozzo, Francesco},
 title = {Embedded contract languages},
 booktitle = {SAC '10: Proceedings of the 2010 ACM Symposium on Applied Computing},
 year = {2010},
 isbn = {978-1-60558-639-7},
 pages = {2103--2110},
 location = {Sierre, Switzerland},
 doi = {http://doi.acm.org/10.1145/1774088.1774531},
 publisher = {ACM},
 address = {New York, NY, USA},
 }


@Misc{MSIL,
  author = 	 {{ECMA}},
  title = 	 {Standard {ECMA-355}, {C}ommon {L}anguage {I}nfrastructure },
  month = 	 jun,
  year = 	 {2006} 
}

@inproceedings{CousotCousot77,
   author =    {Cousot, P{.} and Cousot, R{.}},
   title =     {Abstract interpretation: a unified lattice model for static 
                analysis of programs by construction or approximation of 
                fixpoints},
   year = 1977,
   publisher = {{ACM}},
month = jan,
   booktitle = {POPL'77},
}

@inproceedings{subpolyhedra,
 author = {Laviron, V{.} and Logozzo, F{.}},
 title = {SubPolyhedra: A (More) Scalable Approach to Infer Linear Inequalities},
 booktitle = {VMCAI},
 year = {2009}
 }

@misc{codecontracts,
  author = 	 {Manuel F{\"a}hndrich and Mike Barnett and Francesco Logozzo},
  title = 	 {{Code Contracts}},
  url = "http://research.microsoft.com/contracts",
  month = 	 mar,
  year = 	 {2009} 
}

@TechReport{Cousot77,
  author = 	 {P{.} Cousot},
  title = 	 {Asynchronous iterative methods for solving a fixed point system of monotone equations in a complete lattice},
  institution =  {Laboratoire IMAG, University of Grenoble},
  year = 	 {1977}
}

@inproceedings{MafLogozzo10,
  author    = {M{.} F{\"a}hndrich and
               F{.} Logozzo},
  title     = {Static Contract Checking with Abstract Interpretation},
  booktitle = {FoVeOOS},
  year      = {2010},
  publisher = {Springer}
}

@inproceedings{LogozzoBall12,
  author    = {Logozzo, F{.} and Ball, T{.}},
  title     = {Modular and verified automatic program repair},
  booktitle = {OOPSLA},
  year      = {2012},
  publisher = {{ACM}}
}


@InProceedings{BouazizLogozzoMaf12,
  author = 	 {M{.} Bouaziz and F{.} Logozzo and M{.} F{\"a}hndrich},
  title = 	 {Inference of Necessary Field Conditions with Abstract Interpretation},
  booktitle = {APLAS},
  year = 	 {2012},
  publisher = {Springer},
}

@InProceedings{CousotCousotMafLogozzo13,
  author = 	 {P{.} Cousot and R{.} Cousot and  M{.} F{\"a}hndrich and F{.} Logozzo },
  title = 	 {Automatic Inference of Necessary Preconditions},
  booktitle = {VMCAI},
  year = 	 {2013},
  publisher = {Springer},
}

@InProceedings{BurckhardtLeijen11,
  author = { S. Burckhardt and D. Leijen and C. Sadowski and J. Yi and T. Ball},
  title = {Two for the Price of One: A Model for Parallel and Incremental Computation},
  booktitle = {OOSPLA},
  year = {2011},
  publisher = {{ACM}},
}

@inproceedings{LogozzoFahndrich08-2,
  author    = {F{.} Logozzo and
               M{.} F{\"a}hndrich},
  title     = {Pentagons: a weakly relational abstract domain for the efficient
               validation of array accesses},
  booktitle = {ACM SAC},
  year = {2008}
}

@inproceedings{CousotHalbwachs78,
  author    = {P{.}Cousot and
               N{.} Halbwachs},
  title     = {Automatic Discovery of Linear Restraints Among Variables
               of a Program},
  booktitle = {ACM POPL},
  year = {1978}
}

@article{Mine-HOSC06,
   author =    {Min\'e, A{.}},
   title =   {The Octagon Abstract Domain},
   journal = {Higher-Order and Symbolic Computation},
   volume = 19,
   pages = {31--100},
   year =    2006,
   baseurl = {http://www.di.ens.fr/~mine/publi/article-mine-HOSC06.pdf},
}

@inproceedings{FahndrichLeino-OOPSLA03,
  author    = { F{\"a}hndrich, M{.} and
               Leino, K{.}R{.}M{.}},
  title     = {Declaring and checking non-null types in an object-oriented
               language},
  booktitle = {OOPSLA},
  year      = {2003}
}

@inproceedings{McPeak:2013,
 author = {McPeak, Scott and Gros, Charles-Henri and Ramanathan, Murali Krishna},
 title = {Scalable and incremental software bug detection},
 booktitle = {Proceedings of the 2013 9th Joint Meeting on Foundations of Software Engineering},
 series = {ESEC/FSE 2013},
 year = {2013},
 isbn = {978-1-4503-2237-9},
 location = {Saint Petersburg, Russia},
 pages = {554--564},
 numpages = {11},
 url = {http://doi.acm.org/http://dx.doi.org/10.1145/2491411.2501854},
 doi = {http://dx.doi.org/10.1145/2491411.2501854},
 acmid = {2501854},
 publisher = {ACM},
 address = {New York, NY, USA},
 keywords = {Bug Detection, Incremental, Parallel, Static Analysis},
} 
